<record><leader>00000cas a22000007a 4500</leader><controlfield tag="001">14982140</controlfield><controlfield tag="008">861216d18751882iauwr ne      0    0eng d</controlfield><datafield ind1=" " ind2=" " tag="010"><subfield code="a">sn 87058253 </subfield></datafield><datafield ind1=" " ind2=" " tag="040"><subfield code="a">INP</subfield><subfield code="b">eng</subfield><subfield code="c">INP</subfield><subfield code="d">OCL</subfield><subfield code="d">OCLCQ</subfield></datafield><datafield ind1=" " ind2=" " tag="042"><subfield code="a">msc</subfield></datafield><datafield ind1="0" ind2=" " tag="130"><subfield code="a">Western light (Western College, Iowa)</subfield></datafield><datafield ind1="1" ind2="4" tag="245"><subfield code="a">The Western light.</subfield></datafield><datafield ind1=" " ind2=" " tag="260"><subfield code="a">Western College, Iowa :</subfield><subfield code="b">R. Shatto,</subfield><subfield code="c">1875-</subfield></datafield><datafield ind1=" " ind2=" " tag="300"><subfield code="a">v. :</subfield><subfield code="b">ill. (chiefly advertisements) ;</subfield><subfield code="c">60 cm.</subfield></datafield><datafield ind1=" " ind2=" " tag="310"><subfield code="a">Weekly</subfield></datafield><datafield ind1="0" ind2=" " tag="362"><subfield code="a">Vol. 1, no. 1 (June 23, 1875)-</subfield></datafield><datafield ind1="1" ind2=" " tag="362"><subfield code="a">Ceased in 1882?</subfield><subfield code="z">Cf. Bibl. of Iowa newspapers.</subfield></datafield><datafield ind1=" " ind2=" " tag="500"><subfield code="a">"Let us put on the armor of light."</subfield></datafield><datafield ind1=" " ind2=" " tag="500"><subfield code="a">Editor: R.S. Shatto.</subfield></datafield><datafield ind1=" " ind2=" " tag="550"><subfield code="a">Issued by: Western College (Western College, Iowa).</subfield></datafield><datafield ind1=" " ind2=" " tag="588"><subfield code="a">Description based on: Vol. 6, no. 7 (Aug. 25, 1880).</subfield></datafield><datafield ind1="2" ind2=" " tag="710"><subfield code="a">Western College.</subfield></datafield><datafield ind1=" " ind2=" " tag="752"><subfield code="a">United States</subfield><subfield code="b">Iowa</subfield><subfield code="c">Linn</subfield><subfield code="d">Western College.</subfield></datafield><datafield ind1="0" ind2="0" tag="780"><subfield code="t">Western gazette (Western College, Iowa)</subfield><subfield code="w">(DLC)sn 84027408</subfield></datafield><datafield ind1="1" ind2=" " tag="029"><subfield code="a">AU@</subfield><subfield code="b">000025832009</subfield></datafield></record>